@Book{
  laudon2015,
  title = {Wirtschaftsinformatik - Eine Einf√ºhrung},
  author = {Kenneth C. Laudon and Jane Price Laudon and Detlef Schroeder},
  publisher = {Pearson},
  year = {2015},
  edition = {3rd}
}
