@Manual{R-base,
  title = {R: A Language and Environment for Statistical Computing},
  author = {{R Core Team}},
  organization = {R Foundation for Statistical Computing},
  address = {Vienna, Austria},
  year = {2020},
  url = {https://www.R-project.org/},
}

@Manual{R-bs4Dash,
  title = {bs4Dash: A Bootstrap 4 Version of shinydashboard},
  author = {David Granjon},
  year = {2019},
  note = {R package version 0.5.0},
  url = {https://CRAN.R-project.org/package=bs4Dash},
}

@Manual{R-Cairo,
  title = {Cairo: R Graphics Device using Cairo Graphics Library for Creating
High-Quality Bitmap (PNG, JPEG, TIFF), Vector (PDF, SVG,
PostScript) and Display (X11 and Win32) Output},
  author = {Simon Urbanek and Jeffrey Horner},
  year = {2020},
  note = {R package version 1.5-12.2},
  url = {http://www.rforge.net/Cairo/},
}

@Manual{R-DBI,
  title = {DBI: R Database Interface},
  author = {{R Special Interest Group on Databases (R-SIG-DB)} and Hadley Wickham and Kirill Müller},
  year = {2021},
  note = {R package version 1.1.1},
  url = {https://CRAN.R-project.org/package=DBI},
}

@Manual{R-dplyr,
  title = {dplyr: A Grammar of Data Manipulation},
  author = {Hadley Wickham and Romain François and Lionel Henry and Kirill Müller},
  year = {2021},
  note = {R package version 1.0.5},
  url = {https://CRAN.R-project.org/package=dplyr},
}

@Manual{R-DT,
  title = {DT: A Wrapper of the JavaScript Library DataTables},
  author = {Yihui Xie and Joe Cheng and Xianying Tan},
  year = {2021},
  note = {R package version 0.17},
  url = {https://github.com/rstudio/DT},
}

@Manual{R-glue,
  title = {glue: Interpreted String Literals},
  author = {Jim Hester},
  year = {2020},
  note = {R package version 1.4.2},
  url = {https://CRAN.R-project.org/package=glue},
}

@Manual{R-htmltools,
  title = {htmltools: Tools for HTML},
  author = {Joe Cheng and Carson Sievert and Winston Chang and Yihui Xie and Jeff Allen},
  year = {2021},
  note = {R package version 0.5.1.1},
  url = {https://github.com/rstudio/htmltools},
}

@Manual{R-lubridate,
  title = {lubridate: Make Dealing with Dates a Little Easier},
  author = {Vitalie Spinu and Garrett Grolemund and Hadley Wickham},
  year = {2021},
  note = {R package version 1.7.10},
  url = {https://CRAN.R-project.org/package=lubridate},
}

@Manual{R-purrr,
  title = {purrr: Functional Programming Tools},
  author = {Lionel Henry and Hadley Wickham},
  year = {2020},
  note = {R package version 0.3.4},
  url = {https://CRAN.R-project.org/package=purrr},
}

@Manual{R-qrcode,
  title = {qrcode: QRcode Generator for R},
  author = {Victor Teh},
  year = {2015},
  note = {R package version 0.1.1},
  url = {https://CRAN.R-project.org/package=qrcode},
}

@Manual{R-rclipboard,
  title = {rclipboard: Shiny/R Wrapper for clipboard.js},
  author = {Sebastien Bihorel},
  year = {2021},
  note = {R package version 0.1.3},
  url = {https://github.com/sbihorel/rclipboard/},
}

@Manual{R-renv,
  title = {renv: Project Environments},
  author = {Kevin Ushey},
  year = {2021},
  note = {R package version 0.13.1},
  url = {https://rstudio.github.io/renv/},
}

@Manual{R-RSQLite,
  title = {RSQLite: SQLite Interface for R},
  author = {Kirill Müller and Hadley Wickham and David A. James and Seth Falcon},
  year = {2021},
  note = {R package version 2.2.5},
  url = {https://CRAN.R-project.org/package=RSQLite},
}

@Manual{R-shinydisconnect,
  title = {shinydisconnect: Show a Nice Message When a Shiny App Disconnects or Errors},
  author = {Dean Attali},
  year = {2020},
  note = {R package version 0.1.0},
  url = {https://github.com/daattali/shinydisconnect},
}

@Manual{R-shinyjs,
  title = {shinyjs: Easily Improve the User Experience of Your Shiny Apps in Seconds},
  author = {Dean Attali},
  year = {2020},
  note = {R package version 2.0.0},
  url = {https://deanattali.com/shinyjs/},
}

@Manual{R-stringr,
  title = {stringr: Simple, Consistent Wrappers for Common String Operations},
  author = {Hadley Wickham},
  year = {2019},
  note = {R package version 1.4.0},
  url = {https://CRAN.R-project.org/package=stringr},
}

@Manual{R-tibble,
  title = {tibble: Simple Data Frames},
  author = {Kirill Müller and Hadley Wickham},
  year = {2021},
  note = {R package version 3.1.0},
  url = {https://CRAN.R-project.org/package=tibble},
}

@Manual{R-waiter,
  title = {waiter: Loading Screen for Shiny},
  author = {John Coene},
  year = {2021},
  note = {R package version 0.2.0},
  url = {https://CRAN.R-project.org/package=waiter},
}

@Manual{R-yaml,
  title = {yaml: Methods to Convert R Data to YAML and Back},
  author = {Jeremy Stephens and Kirill Simonov and Yihui Xie and Zhuoer Dong and Hadley Wickham and Jeffrey Horner and {reikoch} and Will Beasley and Brendan O'Connor and Gregory R. Warnes},
  year = {2020},
  note = {R package version 2.2.1},
  url = {https://github.com/viking/r-yaml/},
}

@Article{lubridate2011,
  title = {Dates and Times Made Easy with {lubridate}},
  author = {Garrett Grolemund and Hadley Wickham},
  journal = {Journal of Statistical Software},
  year = {2011},
  volume = {40},
  number = {3},
  pages = {1--25},
  url = {https://www.jstatsoft.org/v40/i03/},
}

